<?xml version="1.0" encoding="UTF-8"?><collection xmlns="http://www.loc.gov/MARC21/slim"><record><leader>00564nam--2200169-i-4500</leader><controlfield tag="001">000000033</controlfield><controlfield tag="002">20161230</controlfield><controlfield tag="005">20161230201023</controlfield><controlfield tag="008">060222s1000------------r-----000-0-eng-d</controlfield><datafield ind1=" " ind2=" " tag="040"><subfield code="a">IFIN-HH</subfield></datafield><datafield ind1=" " ind2=" " tag="080"><subfield code="a">539.12.162.8(061.3)</subfield></datafield><datafield ind1="1" ind2=" " tag="110"><subfield code="a">Schweizerisches Institut Fuer Neklearforschung</subfield></datafield><datafield ind1="1" ind2="0" tag="245"><subfield code="a">The future of medium and high energy physics in switzerland on 17-18 may, 1985, les rasses, switzerland may 17-18, 1985</subfield></datafield><datafield ind1=" " ind2=" " tag="260"><subfield code="a">Switzerland</subfield><subfield code="b">Institut Fur Nuklearforschung</subfield><subfield code="c">1985</subfield></datafield><datafield ind1=" " ind2=" " tag="300"><subfield code="a">273 P</subfield></datafield><datafield ind1=" " ind2=" " tag="852"><subfield code="a">72813</subfield><subfield code="c">539.131</subfield></datafield><datafield ind1=" " ind2=" " tag="CAT"><subfield code="a">Sys</subfield><subfield code="c">20120313</subfield><subfield code="h">171639</subfield></datafield></record></collection>